@article{ref:calamoneri2008,
  title   = {Minimum energy broadcast and disk cover in grid wireless networks},
  author  = {Calamoneri, Tiziana and Clementi, Andrea E. F. and Di Ianni, Miriam and Lauria, Massimo and Monti, Angelo and Silvestri, Riccardo},
  journal = {Theoretical Computer Science},
  volume  = {399},
  pages   = {38--53},
  year    = {2008}
}

@inproceedings{ref:clementi2001,
  title     = {On the complexity of computing minimum energy consumption broadcast subgraphs},
  author    = {Clementi, Andrea E. F. and Crescenzi, Pilu and Penna, Paolo and Rossi, Gianluca and Vocca, Paola},
  booktitle = {Proceedings of the 18th Annual Symposium on Theoretical Aspects of Computer Science},
  pages     = {121--131},
  year      = {2001}
}

@article{ref:clementi2003,
  title   = {The minimum broadcast range assignment problem on linear multi-hop wireless networks},
  author  = {Clementi, Andrea E. F. and Di Ianni, Miriam and Silvestri, Riccardo},
  journal = {Theoretical Computer Science},
  volume  = {299},
  number  = {1--3},
  pages   = {751--761},
  year    = {2003}
}

@article{ref:flammini2006,
  title   = {The real approximation factor of the MST heuristic for the minimum energy broadcasting},
  author  = {Flammini, Michele and Navarra, Alfredo and Perennes, Stephane},
  journal = {Journal of Experimental Algorithmics},
  volume  = {11},
  pages   = {1--13},
  year    = {2006}
}

@article{ref:wan2002,
  title   = {Minimum-energy broadcast routing in static ad hoc wireless networks},
  author  = {Wan, Peng-Jun and Calinescu, Gruia and Li, Xiangyang and Frieder, Ophir},
  journal = {ACM Wireless Networks},
  volume  = {8},
  number  = {6},
  pages   = {607--617},
  year    = {2002}
}